%% This BibTeX bibliography file was created using BibDesk.
%% https://bibdesk.sourceforge.io/

%% Created for Jared Brewer at 2022-10-17 11:57:07 -0400 


%% Saved with string encoding Unicode (UTF-8) 


@article{Koch1876,
	author = {Koch, Robert},
	journal = {Cohns Beitr{\"a}ge zur Biologie der Pflanzen},
	number = {2},
	pages = {277-310},
	title = {Untersuchungen {\"u}ber Bakterien: V. Die {\"A}tiologie der Milzbrand-Krankheit, begr{\"u}ndet auf die Entwicklungsgeschichte des Bacillus anthracis},
	volume = {2},
	year = {1876}}

@article{Koch1882,
	author = {Koch, Robert},
	title = {Die \"{A}tiologie der Tuberkulose},
	volume = {19},
	year = {1882}}

@article{Behr2018,
	author = {Behr, M. A. and Edelstein, P. H. and Ramakrishnan, L.},
	journal = {BMJ},
	pages = {k2738},
	title = {Revisiting the timetable of tuberculosis},
	volume = {362},
	year = {2018}}

@article{Frith2014,
	author = {John A. Frith},
	journal = {Journal of Military and Veterans' Health},
	pages = {29-35},
	title = {History of tuberculosis. Part 1 - phthisis, consumption and the white plague},
	volume = {22},
	year = {2014}}

@article{Tisdale2002,
	author = {Tisdale, M. J.},
	journal = {Nat Rev Cancer},
	number = {11},
	pages = {862-71},
	title = {Cachexia in cancer patients},
	volume = {2},
	year = {2002}}

@article{Silva1988,
	author = {Silva, C. L. and Faccioli, L. H.},
	journal = {Infect Immun},
	number = {12},
	pages = {3067-71},
	title = {Tumor necrosis factor (cachectin) mediates induction of cachexia by cord factor from mycobacteria},
	volume = {56},
	year = {1988}}

@article{Chang2013,
	author = {Chang, S. W. and Pan, W. S. and Lozano Beltran, D. and Oleyda Baldelomar, L. and Solano, M. A. and Tuero, I. and Friedland, J. S. and Torrico, F. and Gilman, R. H.},
	journal = {PLoS One},
	number = {1},
	pages = {e54564},
	title = {Gut hormones, appetite suppression and cachexia in patients with pulmonary TB},
	volume = {8},
	year = {2013}}

@article{Martignoni2003,
	author = {Martignoni, M. E. and Kunze, P. and Friess, H.},
	journal = {Mol Cancer},
	pages = {36},
	title = {Cancer cachexia},
	volume = {2},
	year = {2003}}

@article{Loddenkember2015,
	author = {Loddenkemper, R. and Lipman, M. and Zumla, A.},
	journal = {Cold Spring Harb Perspect Med},
	number = {1},
	pages = {a017848},
	title = {Clinical Aspects of Adult Tuberculosis},
	volume = {6},
	year = {2015}}

@article{Murray2004,
	author = {Murray, J. F.},
	journal = {Am J Respir Crit Care Med},
	number = {11},
	pages = {1181-6},
	title = {A century of tuberculosis},
	volume = {169},
	year = {2004}}

@article{Stanley2003,
	author = {Stanley, S. A. and Raghavan, S. and Hwang, W. W. and Cox, J. S.},
	journal = {Proc Natl Acad Sci U S A},
	number = {22},
	pages = {13001-6},
	title = {Acute infection and macrophage subversion by Mycobacterium tuberculosis require a specialized secretion system},
	volume = {100},
	year = {2003}}

@article{Baxt2013,
	author = {Baxt, L. A. and Garza-Mayers, A. C. and Goldberg, M. B.},
	journal = {Science},
	number = {6133},
	pages = {697-701},
	title = {Bacterial subversion of host innate immune pathways},
	volume = {340},
	year = {2013}}

@article{Pai2022,
	author = {Pai, M. and Kasaeva, T. and Swaminathan, S.},
	journal = {N Engl J Med},
	number = {16},
	pages = {1490-1493},
	title = {Covid-19's Devastating Effect on Tuberculosis Care - A Path to Recovery},
	volume = {386},
	year = {2022}}

@article{Paulson2013,
	author = {Paulson, T.},
	journal = {Nature},
	number = {7470},
	pages = {S2-3},
	title = {Epidemiology: A mortal foe},
	volume = {502},
	year = {2013}}

@article{Rahman2020,
	author = {Rahman, M. A. and Cumming, B. M. and Addicott, K. W. and Pacl, H. T. and Russell, S. L. and Nargan, K. and Naidoo, T. and Ramdial, P. K. and Adamson, J. H. and Wang, R. and Steyn, A. J. C.},
	journal = {Proc Natl Acad Sci U S A},
	number = {12},
	pages = {6663-6674},
	title = {Hydrogen sulfide dysregulates the immune response by suppressing central carbon metabolism to promote tuberculosis},
	volume = {117},
	year = {2020}}

@article{Chandra2022,
	author = {Chandra, P. and Grigsby, S. J. and Philips, J. A.},
	journal = {Nat Rev Microbiol},
	title = {Immune evasion and provocation by Mycobacterium tuberculosis},
	year = {2022}}

@article{Hmama2015,
	author = {Hmama, Z. and Pena-Diaz, S. and Joseph, S. and Av-Gay, Y.},
	journal = {Immunol Rev},
	number = {1},
	pages = {220-32},
	title = {Immunoevasion and immunosuppression of the macrophage by Mycobacterium tuberculosis},
	volume = {264},
	year = {2015}}

@book{Bronte1847,
	author = {Bront\"{e}, Charlotte},
	publisher = {Dean Press},
	title = {Jane Eyre},
	year = {1847}}

@article{Yu2019,
	author = {Yu, X. and Feng, J. and Huang, L. and Gao, H. and Liu, J. and Bai, S. and Wu, B. and Xie, J.},
	journal = {DNA Cell Biol},
	number = {11},
	pages = {1178-1187},
	title = {Molecular Basis Underlying Host Immunity Subversion by Mycobacterium tuberculosis PE/PPE Family Molecules},
	volume = {38},
	year = {2019}}

@article{Nguyen2009,
	author = {Nguyen, L. and Pieters, J.},
	journal = {Annu Rev Pharmacol Toxicol},
	pages = {427-53},
	title = {Mycobacterial subversion of chemotherapeutic reagents and host defense tactics: challenges in tuberculosis drug development},
	volume = {49},
	year = {2009}}

@article{Monack2004,
	author = {Monack, D. M. and Mueller, A. and Falkow, S.},
	journal = {Nat Rev Microbiol},
	number = {9},
	pages = {747-65},
	title = {Persistent bacterial infections: the interface of the pathogen and the host immune system},
	volume = {2},
	year = {2004}}

@article{Pagan2018,
	author = {Pagan, A. J. and Ramakrishnan, L.},
	journal = {Annu Rev Immunol},
	pages = {639-665},
	title = {The Formation and Function of Granulomas},
	volume = {36},
	year = {2018}}

@article{Ernst2012,
	author = {Ernst, J. D.},
	journal = {Nat Rev Immunol},
	number = {8},
	pages = {581-91},
	title = {The immunological life cycle of tuberculosis},
	volume = {12},
	year = {2012}}

@article{Chalke1962,
	author = {Chalke, H. D.},
	journal = {Med Hist},
	number = {4},
	pages = {301-18},
	title = {The Impact of Tuberculosis on History, Literature and Art},
	volume = {6},
	year = {1962}}

@book{Dubos1987,
	address = {New Brunswick},
	author = {Dubos, Ren\'{e} J. and Dubos, Jean},
	publisher = {Rutgers University Press},
	title = {The White Plague: Tuberculosis, Man, and Society},
	year = {1987}}
